@inproceedings{seabold2010statsmodels,
  title={Statsmodels: Econometric and statistical modeling with python},
  author={Seabold, Skipper and Perktold, Josef},
  booktitle={9th Python in Science Conference},
  year={2010},
}

@TECHREPORT{RePEc:wes:weswpa:2005-012,
title = {A Simple Proof of the FWL (Frisch-Waugh-Lovell) Theorem},
author = {Lovell, Michael},
year = {2007},
institution = {Wesleyan University, Department of Economics},
type = {Wesleyan Economics Working Papers},
number = {2005-012},
url = {https://EconPapers.repec.org/RePEc:wes:weswpa:2005-012}
}

@article{frisch1933partial,
  title={Partial time regressions as compared with individual trends},
  author={Frisch, Ragnar and Waugh, Frederick V},
  journal={Econometrica: Journal of the Econometric Society},
  pages={387--401},
  year={1933},
  publisher={JSTOR}
}

@book{davidson2004econometric,
  title={Econometric theory and methods},
  author={Davidson, Russell and MacKinnon, James G and others},
  volume={5},
  year={2004},
  publisher={Oxford University Press New York}
}